@misc{Beh18,
    author={S. Behara},
    title={Monolith to Microservices Using the Strangler Pattern},
    howpublished={\url{https://dzone.com/articles/monolith-to-microservices-using-the-strangler-patt}},
    year={2018}, 
    note={žiūrėta: 2022-12-02},
    langid={english},
}

@misc{Gli21,
    author={O. Glib},
    title={Software Reengineering: How to Rebuild the Right Way},
    howpublished={\url{https://acropolium.com/blog/software-reengineering/}},
    year={2021}, 
    note={žiūrėta: 2023-01-05},
    langid={english},
}

@misc{IBM15,
    author={I. IBM},
    title={Java EE7 DayTrader},
    howpublished={\url{https://github.com/WASdev/sample.daytrader7}},
    year={2015}, 
    note={žiūrėta: 2023-01-02},
    langid={english},
}

@misc{Wal22,
    author={J. Walker},
    title={Find Your Business Domains to Start Refactoring Monolithic Applications},
    howpublished={\url{https://aws.amazon.com/blogs/mt/find-your-business-domains-to-start-refactoring-monolithic-applications/}},
    year={2022}, 
    note={žiūrėta: 2022-12-01},
    langid={english},
}

@article{FBZ+19,
    author={J. Fritzsch and J. Bogner and A. Zimmermann and S. Wagner},
    title={From Monolith to Microservices: A Classification of Refactoring Approaches},
    year={2019},
    pages={128-129},
    langid={english},
} 

@article{KXK+21,
    author={A. Kalia and J. Xiao and R. Krishna and S. Sinha and M. Vukovic and D. Banerjee},
    title={Mono2Micro: A Practical and Effective Tool for Decomposing Monolithic Java Applications to Microservices},
    year={2021},
    pages={1-11},
    langid={english},
} 

@article{KXL+20,
    author={A. Kalia and J. Xiao and C. Lin and S. Sinha and J. Rofrano and M. Vukovic and D. Banerjee},
    title={Mono2Micro: An AI-Based Toolchain for Evolving Monolithic Enterprise Applications to a Microservice Architecture},
    year={2020},
    pages={1606-1610},
    langid={english},
} 

@article{LZ22,
    author={M. Languric and L. Zaki},
    title={Developing a generalized migration strategy for an architecture built on microservices},
    year={2022},
    pages={39-48},
    langid={english},
} 

@article{MQO18,
    author={M. Majthoub and M. Qutqut, Y. Odeh},
    title={Software Re-engineering: An Overview},
    year={2018},
    pages={2-6},
    langid={english},
} 

@article{Ngu11,
    author={P. Nguyen},
    title={The Study and Approach of Software Re-Engineering},
    year={2011},
    pages={1-11},
    langid={english},
} 

@article{San21,
    author={S. Santos},
    title={Mono2Micro - From a Monolith to Microservices The analysis of Spring-Boot Applications},
    year={2021},
    pages={1-11},
    langid={english},
} 
